<record><leader>00000cas a2200000 a 4500</leader><controlfield tag="001">10227285</controlfield><controlfield tag="008">831216d18681909meudn ne      0    0eng c</controlfield><datafield ind1=" " ind2=" " tag="010"><subfield code="a">sn 83021494 </subfield></datafield><datafield ind1=" " ind2=" " tag="040"><subfield code="a">NPX</subfield><subfield code="b">eng</subfield><subfield code="c">NPX</subfield><subfield code="d">NPU</subfield><subfield code="d">NPY</subfield><subfield code="d">DLC</subfield><subfield code="d">YOX</subfield><subfield code="d">MGN</subfield><subfield code="d">MBN</subfield><subfield code="d">OCLCG</subfield><subfield code="d">DLC</subfield><subfield code="d">KRTAS</subfield><subfield code="d">OCLCQ</subfield><subfield code="d">OCLCF</subfield><subfield code="d">OCLCO</subfield></datafield><datafield ind1="1" ind2=" " tag="029"><subfield code="a">AU@</subfield><subfield code="b">000025803917</subfield></datafield><datafield ind1=" " ind2=" " tag="042"><subfield code="a">pcc</subfield></datafield><datafield ind1=" " ind2=" " tag="043"><subfield code="a">n-us-me</subfield></datafield><datafield ind1="0" ind2="0" tag="050"><subfield code="a">Newspaper</subfield></datafield><datafield ind1="0" ind2=" " tag="130"><subfield code="a">Portland daily advertiser (Portland, Me. : 1868)</subfield></datafield><datafield ind1="1" ind2="0" tag="245"><subfield code="a">Portland daily advertiser.</subfield></datafield><datafield ind1="1" ind2="3" tag="246"><subfield code="a">Portland advertiser</subfield></datafield><datafield ind1=" " ind2=" " tag="260"><subfield code="a">Portland, Me. :</subfield><subfield code="b">Knight &amp; Richardson</subfield></datafield><datafield ind1=" " ind2=" " tag="300"><subfield code="a">v. :</subfield><subfield code="b">ill. (chiefly advertisements) ;</subfield><subfield code="c">61 cm.</subfield></datafield><datafield ind1=" " ind2=" " tag="310"><subfield code="a">Daily (except Sunday)</subfield></datafield><datafield ind1="0" ind2=" " tag="362"><subfield code="a">-Dec. 4, 1909.</subfield></datafield><datafield ind1="1" ind2=" " tag="362"><subfield code="a">Began in 1868.</subfield></datafield><datafield ind1=" " ind2=" " tag="500"><subfield code="a">The word 'daily' in the title appears above logo.</subfield></datafield><datafield ind1=" " ind2=" " tag="500"><subfield code="a">Republican.</subfield></datafield><datafield ind1=" " ind2=" " tag="500"><subfield code="a">Publishers: Knight, Richardson &amp; Co., 1869; H.W. Richardson, 1869-1873; State Publishing Association, 1873-&lt;1885&gt;.</subfield></datafield><datafield ind1=" " ind2=" " tag="500"><subfield code="a">Editor: H.W. Richardson, &lt;1873-1885&gt;.</subfield></datafield><datafield ind1=" " ind2=" " tag="530"><subfield code="a">Also issued on microfilm from the Library of Congress, Photoduplication Service.</subfield></datafield><datafield ind1=" " ind2=" " tag="580"><subfield code="a">Weekly eds.: Portland weekly advertiser and star, and: Portland weekly advertiser (Portland, Me. : 1869), and: State and weekly advertiser.</subfield></datafield><datafield ind1=" " ind2=" " tag="580"><subfield code="a">Merged with: Evening express (Portland, Me. : 1882), to form: Portland evening express and daily advertiser.</subfield></datafield><datafield ind1=" " ind2=" " tag="588"><subfield code="a">Description based on: Sept. 28, 1868.</subfield></datafield><datafield ind1=" " ind2="0" tag="651"><subfield code="a">Portland (Me.)</subfield><subfield code="v">Newspapers.</subfield></datafield><datafield ind1=" " ind2="7" tag="655"><subfield code="a">Newspapers.</subfield><subfield code="2">fast</subfield><subfield code="0">(OCoLC)fst01423814</subfield></datafield><datafield ind1=" " ind2="7" tag="651"><subfield code="a">Maine</subfield><subfield code="z">Portland.</subfield><subfield code="2">fast</subfield><subfield code="0">(OCoLC)fst01213254</subfield></datafield><datafield ind1="1" ind2=" " tag="700"><subfield code="a">Richardson, H. W.</subfield><subfield code="q">(Hobart Wood),</subfield><subfield code="d">1831-1889.</subfield></datafield><datafield ind1=" " ind2=" " tag="752"><subfield code="a">United States</subfield><subfield code="b">Maine</subfield><subfield code="c">Cumberland</subfield><subfield code="d">Portland.</subfield></datafield><datafield ind1="1" ind2=" " tag="775"><subfield code="t">Portland weekly advertiser and star</subfield><subfield code="w">(DLC)sn 83021471</subfield></datafield><datafield ind1="1" ind2=" " tag="775"><subfield code="t">Portland weekly advertiser (Portland, Me. : 1869)</subfield><subfield code="w">(DLC)sn 83021472</subfield></datafield><datafield ind1="1" ind2=" " tag="775"><subfield code="t">State and weekly advertiser</subfield><subfield code="w">(DLC)sn 84027281</subfield></datafield><datafield ind1="1" ind2="7" tag="785"><subfield code="a">Evening express (Portland, Me. : 1882)</subfield><subfield code="w">(DLC)sn 83016016</subfield></datafield><datafield ind1="1" ind2="7" tag="785"><subfield code="a">Portland evening express and daily advertiser</subfield><subfield code="w">(DLC)sn 96075032</subfield></datafield><datafield ind1=" " ind2=" " tag="938"><subfield code="a">Kirtas Technologies, Inc.</subfield><subfield code="b">KRTS</subfield><subfield code="n">737972</subfield></datafield></record>